<record><leader>00000cas a2200000   4500</leader><controlfield tag="001">1643384</controlfield><controlfield tag="008">750921c19739999dcuen ne      0   a0eng d</controlfield><datafield ind1=" " ind2=" " tag="010"><subfield code="a">sn 82017007 </subfield></datafield><datafield ind1=" " ind2=" " tag="040"><subfield code="a">MUL</subfield><subfield code="b">eng</subfield><subfield code="c">MUL</subfield><subfield code="d">OCL</subfield><subfield code="d">COO</subfield><subfield code="d">NYG</subfield><subfield code="d">UCU</subfield><subfield code="d">NYG</subfield><subfield code="d">IUL</subfield><subfield code="d">NSD</subfield><subfield code="d">NST</subfield><subfield code="d">NSD</subfield><subfield code="d">OCL</subfield><subfield code="d">NVK</subfield><subfield code="d">OCL</subfield><subfield code="d">OCLCQ</subfield><subfield code="d">OCLCF</subfield><subfield code="d">OCLCO</subfield></datafield><datafield ind1=" " ind2=" " tag="012"><subfield code="i">8410</subfield><subfield code="k">1</subfield><subfield code="m">1</subfield></datafield><datafield ind1=" " ind2=" " tag="019"><subfield code="a">14513450</subfield></datafield><datafield ind1="0" ind2=" " tag="022"><subfield code="a">0744-9798</subfield><subfield code="l">0744-9798</subfield><subfield code="2">1</subfield></datafield><datafield ind1="1" ind2=" " tag="029"><subfield code="a">AU@</subfield><subfield code="b">000020225629</subfield></datafield><datafield ind1="1" ind2=" " tag="029"><subfield code="a">NZ1</subfield><subfield code="b">16064182</subfield></datafield><datafield ind1=" " ind2=" " tag="032"><subfield code="a">704620</subfield><subfield code="b">USPS</subfield></datafield><datafield ind1=" " ind2=" " tag="037"><subfield code="b">National Association of Counties, 440 First St., NW, Washington, DC, 20001</subfield></datafield><datafield ind1=" " ind2=" " tag="042"><subfield code="a">nsdp</subfield></datafield><datafield ind1=" " ind2=" " tag="043"><subfield code="a">n-us---</subfield><subfield code="a">n-us-dc</subfield></datafield><datafield ind1=" " ind2="4" tag="050"><subfield code="a">JS39</subfield><subfield code="b">.C86</subfield></datafield><datafield ind1="2" ind2=" " tag="110"><subfield code="a">National Association of Counties.</subfield></datafield><datafield ind1="0" ind2=" " tag="210"><subfield code="a">Cty. news</subfield><subfield code="b">(Washington, D.C.)</subfield></datafield><datafield ind1=" " ind2="0" tag="222"><subfield code="a">County news</subfield><subfield code="b">(Washington, D.C.)</subfield></datafield><datafield ind1="1" ind2="0" tag="245"><subfield code="a">County news.</subfield></datafield><datafield ind1="1" ind2=" " tag="246"><subfield code="i">Occasionally published in 1973 as:</subfield><subfield code="a">NACo news and views county news</subfield></datafield><datafield ind1=" " ind2=" " tag="260"><subfield code="a">Washington, D.C.</subfield><subfield code="b">National Association of Counties.</subfield></datafield><datafield ind1=" " ind2=" " tag="300"><subfield code="a">v.</subfield><subfield code="b">ill.</subfield><subfield code="c">38 cm.</subfield></datafield><datafield ind1=" " ind2=" " tag="310"><subfield code="a">Biweekly (except Aug.),</subfield><subfield code="b">&lt;Dec. 20, 1982-&gt;</subfield></datafield><datafield ind1=" " ind2=" " tag="321"><subfield code="a">Weekly, except during Christmas week and the week following the annual conference,</subfield><subfield code="b">&lt;Dec. 11, 1978-&gt;</subfield></datafield><datafield ind1="0" ind2=" " tag="362"><subfield code="a">vol. 5, no. 1 (Jan. 12, 1973)-</subfield></datafield><datafield ind1=" " ind2=" " tag="530"><subfield code="a">Available on microfilm from Bell &amp; Howell, Micro Photo Div.</subfield></datafield><datafield ind1=" " ind2=" " tag="550"><subfield code="a">Official publication of the National Association of Counties.</subfield></datafield><datafield ind1=" " ind2="0" tag="650"><subfield code="a">County government</subfield><subfield code="z">United States</subfield><subfield code="v">Periodicals.</subfield></datafield><datafield ind1=" " ind2="0" tag="651"><subfield code="a">Washington (D.C.)</subfield><subfield code="v">Newspapers.</subfield></datafield><datafield ind1=" " ind2="7" tag="655"><subfield code="a">Newspapers.</subfield><subfield code="2">fast</subfield><subfield code="0">(OCoLC)fst01423814</subfield></datafield><datafield ind1=" " ind2="7" tag="655"><subfield code="a">Periodicals.</subfield><subfield code="2">fast</subfield><subfield code="0">(OCoLC)fst01411641</subfield></datafield><datafield ind1=" " ind2="7" tag="650"><subfield code="a">County government.</subfield><subfield code="2">fast</subfield><subfield code="0">(OCoLC)fst00881490</subfield></datafield><datafield ind1=" " ind2="7" tag="651"><subfield code="a">United States.</subfield><subfield code="2">fast</subfield><subfield code="0">(OCoLC)fst01204155</subfield></datafield><datafield ind1=" " ind2="7" tag="651"><subfield code="a">Washington (D.C.)</subfield><subfield code="2">fast</subfield><subfield code="0">(OCoLC)fst01204505</subfield></datafield><datafield ind1=" " ind2=" " tag="752"><subfield code="a">United States</subfield><subfield code="b">District of Columbia</subfield><subfield code="c">Washington.</subfield></datafield><datafield ind1="1" ind2=" " tag="770"><subfield code="t">American county</subfield><subfield code="x">0272-233X</subfield><subfield code="g">1973</subfield></datafield><datafield ind1="0" ind2="0" tag="780"><subfield code="a">National Association of Counties.</subfield><subfield code="t">NACo news and views</subfield><subfield code="w">(OCoLC)1759044</subfield></datafield><datafield ind1=" " ind2=" " tag="850"><subfield code="a">KyLoU</subfield><subfield code="a">MnU</subfield><subfield code="a">NcD</subfield><subfield code="a">OU</subfield><subfield code="a">TxArU</subfield><subfield code="a">TxU</subfield></datafield><datafield ind1=" " ind2=" " tag="936"><subfield code="a">Dec. 20, 1982</subfield></datafield></record>